@TECHREPORT{middleware,
  title       = "Software Engineering",
  author      = "Bauer, F. L. and Bolliet, L. and Helms, H. J. and Naur, P. and Randell, B.",
  institution = "North Atlantic Treaty Organization Science Committee",
  year        = 1968,
  month       = oct
}

@TECHREPORT{dds,
  title       = "OMG Data Distribution Service (DDS) Version 1.4",
  institution = "Object Management Group",
  number      = "formal/2015-04-10",
  year        = 2015,
  month       = apr
}

@TECHREPORT{wire,
  title       = "The Real-time Publish-Subscribe Protocol DDS Interoperability Wire Protocol (DDSI-RTPSTM) Specification Version 2.5",
  institution = "Object Management Group",
  number      = "formal/2021-03-03",
  year        = 2021,
  month       = mar
}
